@article{med, title={Выбор признаков для распознавания физической активности человека в рамках телереабилитационной системы}, number={2}, journal={Проблемы информационных технологий}, author={Тарантова, Е. С and Макаров, К. В and Орлов, А. А}, year={2019}, pages={49–59}} 

@article{safe, title={Распознавание агрессивных действий с использованием нейросетевых архитектур 3D-CNN}, journal={ Известия Тульского государственного университета. Технические науки.}, author={Уздяев, М. Ю.}, year={2020}} 

@article{ex, title={Стохастический метод распознавания действий человека на базе скелетной модели}, journal={Информационные технологии и системы}, author={Егорова, Ю. А. and Захарова, И. Г. and Гасанов, А. Р}, year={2020}, pages={96–102}} 

@article{activ,
	title={Выявление действий на видео с помощью рекуррентных нейронных сетей},
	author={Буйко, Александр Юрьевич and Виноградов, Андрей Николаевич},
	journal={Программные системы: теория и приложения},
	number={4 (35)},
	pages={327--345},
	year={2017}
}

@article{baes1,
	author = {Черезов, Д. С. and Тюкачев, Н. А.},
	journal = {Вестник воронежского государственного университета. Серия: системный анализ и информационные технологии},
	title = {Обзор основных методов классификации
	и кластеризации данных},
	year = {2009},
	pages = {25-29},
}

@article{baes2,
	author = {Т. В. Батура},
	journal ={Программные продукты и системы},
	title = {Методы автоматической классификации},
	year = {2017},
	number={1},
}

@misc{vec,
	author = {E. A. Дмитриев},
	title="Метод опорных векторов [Электронный ресурс]",
	howpublished="Режим доступа: \url{https://interactive-plus.ru/e-articles/389/Action389-462813.pdf} (Дата обращения: 10.04.2023)"
}


@misc{ksosed,
	author = {A. A. Виноградова},
	title="Обработка и анализ данных для
	распознавания человеческих действий [Электронный ресурс]",
	howpublished="Режим доступа: \url{https://math.spbu.ru/SD_AIS/documents/2015-12-341/2015-12-b-05.pdf} (Дата обращения: 10.04.2023)"
}



@misc{tree2,
	author = {Чернов, И. А. and Федяев, О. И.},
	title="Алгоритм построения деревьев решений для системы автоматизированного извлечения знаний [Электронный ресурс]",
	howpublished="Режим доступа: \url{https://masters.donntu.ru/2006/fvti/ichernov/library/my_donetsk06.htm} (Дата обращения: 10.04.2023)"
}


@article{randomForest,
	author = {Пальмов, С. В. and Денискова, А. О.},
	journal ={Наука сегодня: теоритические и практические аспекты},
	title = {Случайный лес: основные особенности},
	year = {2017},
	pages={51-53},
}

@article{deck,
	title={Применение глобальных дескрипторов формы для идентификации 3D объектов},
	author={Приступа, Андрей Викторович and Лапатин, Иван Леонидович and Замятин, Александр Владимирович},
	journal={Вестник Томского государственного университета. Управление, вычислительная техника и информатика},
	number={48},
	pages={57--66},
	year={2019}
}

@article{sift1,
	title={Разработка и исследование методики распознавания изображений для систем расширенной реальности},
	author={Финогеев, АГ and Четвергова, МВ},
	journal={Известия Волгоградского государственного технического университета},
	number={15},
	pages={130--136},
	year={2012}
}

@article{sift2,
	title={Объектно-независимый структурный анализ изображений: история и современные подходы},
	author={Луцив, ВР and Малашин, РО},
	journal={Оптический журнал},
	number={11},
	pages={31--44},
	year={2014},
}

@article{siftsurf,
	title={Распознавание характерных объектов на местности с использованием метода SURF},
	author={Пименова, Мария Борисовна},
	journal={Политехнический молодежный журнал},
	number={10},
	pages={3},
	year={2019},
}

@article{hog1,
	title={Обзор и классификация опубликованных методов детектирования человека},
	author={Панкин, АВ},
	journal={Известия высших учебных заведений. Геодезия и аэрофотосъемка},
	number={4},
	pages={463--475},
	year={2019},
}

@inproceedings{hog2,
	title={Применение метода Histogram of oriented gradients and support vector machines для реализации алгоритма распознавания рукописных цифр},
	author={Калиберда, ЮЕ},
	booktitle={Системы управления, информационные технологии и математическое моделирование},
	pages={55--60},
	year={2019}
}


@article{teorytime,
	title={Обзор методов для распознавания действий человека},
	author={Азаренко, Константин Алекандрович and Ньейн, Каунг Мьят and Белов, Юрий Сергеевич},
	journal={E-Scio},
	number={5 (32)},
	pages={613--624},
	year={2019},
	
}


 @article{time1, title={Spatio-temporal object detection proposals}, journal={Computer Vision – ECCV 2014}, author={Oneata, Dan and Revaud, Jerome and Verbeek, Jakob}, year={2014}, pages={737–752}} 



@article{time3, title={Action localization in videos through Context Walk}, 
	journal={2015 IEEE International Conference on Computer Vision (ICCV)}, 
	author={Soomro, Khurram and Idrees, Haroon and Shah, Mubarak}, year={2017}} 

@inproceedings{time4,
	author={Soomro, Khurram and Shah, Mubarak},
	booktitle={2017 IEEE International Conference on Computer Vision (ICCV)}, 
	title={Unsupervised Action Discovery and Localization in Videos}, 
	year={2017},
	pages={696-705},
}

@article{stox1,
	title={Метод распознавания действий человека на сложноструктурированных изображениях и фоне в виде стохастических текстур},
	author={Зеленский, Александр Александрович and Письменскова, Марина Михайловна},
	journal={Вестник МГТУ Станкин},
	number={3},
	pages={116--120},
	year={2018},
}

@article{stox2,
	author = {Tahir, Sheikh and Dogar, Abdul},
	year = {2022},
	pages = {6632},
	title = {Stochastic Recognition of Human Physical Activities via Augmented Feature Descriptors and Random Forest Model},
	journal = {Sensors},
}

@inproceedings{rule1,  author={Morariu, Vlad I. and Davis, Larry S.},  booktitle={CVPR},   title={Multi-agent event recognition in structured scenarios},   year={2011},  pages={3289-3296} } 


@article{rule2,
	author = {Jia, Hairui and Chen, Shuwei},
	year = {2020},
	title = {Integrated Data and Knowledge Driven Methodology for Human Activity Recognition},
	journal = {Information Sciences},

}


@article{rule3,
	author = {Sharma, Chandra Mani and Kushwaha, Alok},
	year = {2019},
	pages = {4695-4700},
	title = {Human Action Recognition using Rule based Fuzzy Motion Feature Templates},
	journal = {International Journal of Innovative Technology and Exploring Engineering},

}

@article{rule4,
	author = {Park, Jisun and Jin, Yong and Cho, Seoungjae},
	year = {2019},
	pages = {929},
	title = {Advanced Machine Learning for Gesture Learning and Recognition Based on Intelligent Big Data of Heterogeneous Sensors},
	journal = {Symmetry},

}






@article{form2,
	author = {Wang, Yang and Mori, Greg},
	year = {2010},
	title = {Hidden Part Models for Human Action Recognition: Probabilistic vs. Max-Margin.},
	journal = {IEEE transactions on pattern analysis and machine intelligence},
}

@article{form3,
	author = {Ikizler, Nazli and Duygulu, Pinar},
	year = {2007},
	pages = {271-284},
	title = {Human Action Recognition Using Distribution of Oriented Rectangular Patches},
	journal = {Human Motion – Understanding, Modeling, Capture and Animation}
}

@article{form4,
	author = {Jung, Ho Yub AND Lee, Soochahn AND Heo, Yong Seok},
	journal = {PLOS ONE},
	publisher = {Public Library of Science},
	title = {Forest Walk Methods for Localizing Body Joints from Single Depth Image},
	year = {2015},
	pages = {1-20},
	number = {9},
}



@misc{dataset1,
	title="О важности датасета и о том, как сделать его лучше. Наш опыт [Электронный ресурс]",
	howpublished="Режим доступа: \url{https://vc.ru/ml/464790-o-vazhnosti-dataseta-i-o-tom-kak-sdelat-ego-luchshe-nash-opyt} (Дата обращения: 07.04.2023)"
}



@misc{dataset2,
	title="Отберем то, что нужно Data Mining: как сформировать датасет для машинного обучения [Электронный ресурс]",
	howpublished="Режим доступа: \url{https://www.bigdataschool.ru/blog/dataset-data-preparation.html} (Дата обращения: 07.04.2023)"
}

@misc{sklearn,
	title="Scikit-learn [Электронный ресурс]",
	howpublished="Режим доступа: \url{https://scikit-learn.org/stable/} (Дата обращения: 17.04.2023)"
}

@misc{opencv,
	title="OpenCV [Электронный ресурс]",
	howpublished="Режим доступа: \url{https://docs.opencv.org/4.x/d6/d00/tutorial_py_root.html} (Дата обращения: 17.04.2023)"
}

@misc{flask,
	title="Flask [Электронный ресурс]",
	howpublished="Режим доступа: \url{https://flask-docs.readthedocs.io/en/latest/quickstart/} (Дата обращения: 17.04.2023)"
}

@misc{skimage,
	title="Scikit-image [Электронный ресурс]",
	howpublished="Режим доступа: \url{https://scikit-image.org/} (Дата обращения: 17.04.2023)"
}







